%% This BibTeX bibliography file was created using BibDesk.
%% http://bibdesk.sourceforge.net/


%% Created for Daniel Conn at 2015-06-16 10:53:00 -0700 


%% Saved with string encoding Unicode (UTF-8) 



@book{dua2014machine,
	Author = {Dua, Sumeet and Acharya, U Rajendra and Dua, Prerna},
	Date-Added = {2015-06-16 17:52:23 +0000},
	Date-Modified = {2015-06-16 17:52:23 +0000},
	Publisher = {Springer},
	Title = {Machine learning in healthcare informatics},
	Year = {2014}}

@article{bondell2008simultaneous,
	Author = {Bondell, Howard D and Reich, Brian J},
	Date-Added = {2015-06-16 17:28:13 +0000},
	Date-Modified = {2015-06-16 17:28:13 +0000},
	Journal = {Biometrics},
	Number = {1},
	Pages = {115--123},
	Publisher = {Wiley Online Library},
	Title = {Simultaneous regression shrinkage, variable selection, and supervised clustering of predictors with OSCAR},
	Volume = {64},
	Year = {2008}}

@article{molinaro2004tree,
	Author = {Molinaro, Annette M and Dudoit, Sandrine and Van der Laan, Mark J},
	Date-Added = {2015-02-16 04:24:17 +0000},
	Date-Modified = {2015-02-16 04:24:17 +0000},
	Journal = {Journal of Multivariate Analysis},
	Number = {1},
	Pages = {154--177},
	Publisher = {Elsevier},
	Title = {Tree-based multivariate regression and density estimation with right-censored data},
	Volume = {90},
	Year = {2004}}

@article{heagerty2005survival,
	Author = {Heagerty, Patrick J and Zheng, Yingye},
	Date-Added = {2015-02-16 00:10:39 +0000},
	Date-Modified = {2015-02-16 00:10:39 +0000},
	Journal = {Biometrics},
	Number = {1},
	Pages = {92--105},
	Publisher = {Wiley Online Library},
	Title = {Survival model predictive accuracy and ROC curves},
	Volume = {61},
	Year = {2005}}

@article{leblanc1992relative,
	Author = {LeBlanc, Michael and Crowley, John},
	Date-Added = {2015-02-15 18:25:32 +0000},
	Date-Modified = {2015-02-15 18:25:32 +0000},
	Journal = {Biometrics},
	Pages = {411--425},
	Publisher = {JSTOR},
	Title = {Relative risk trees for censored survival data},
	Year = {1992}}

@article{segal1988regression,
	Author = {Segal, Mark Robert},
	Date-Added = {2015-02-15 18:25:21 +0000},
	Date-Modified = {2015-02-15 18:25:21 +0000},
	Journal = {Biometrics},
	Pages = {35--47},
	Publisher = {JSTOR},
	Title = {Regression trees for censored data},
	Year = {1988}}

@article{hothorn2006survival,
	Author = {Hothorn, Torsten and B{\"u}hlmann, Peter and Dudoit, Sandrine and Molinaro, Annette and Van Der Laan, Mark J},
	Date-Added = {2015-02-15 18:06:42 +0000},
	Date-Modified = {2015-02-15 18:06:42 +0000},
	Journal = {Biostatistics},
	Number = {3},
	Pages = {355--373},
	Publisher = {Biometrika Trust},
	Title = {Survival ensembles},
	Volume = {7},
	Year = {2006}}

@article{ishwaran2004relative,
	Author = {Ishwaran, Hemant and Blackstone, Eugene H and Pothier, Claire E and Lauer, Michael S},
	Date-Added = {2015-02-15 18:05:48 +0000},
	Date-Modified = {2015-02-15 18:05:48 +0000},
	Journal = {Journal of the American Statistical Association},
	Number = {467},
	Pages = {591--600},
	Publisher = {Taylor \& Francis},
	Title = {Relative risk forests for exercise heart rate recovery as a predictor of mortality},
	Volume = {99},
	Year = {2004}}

@article{breiman2003use,
	Author = {Breiman, L},
	Date-Added = {2015-02-15 18:02:46 +0000},
	Date-Modified = {2015-02-15 18:02:46 +0000},
	Journal = {Department of Statistics, UC Berkeley},
	Title = {How to use survival forests},
	Year = {2003}}

@article{marubini1983prognostic,
	Author = {Marubini, E and Morabito, A and Valsecchi, MG},
	Date-Added = {2015-02-15 17:45:49 +0000},
	Date-Modified = {2015-02-15 17:45:49 +0000},
	Journal = {Statistics in medicine},
	Number = {2},
	Pages = {295--303},
	Publisher = {Wiley Online Library},
	Title = {Prognostic factors and risk groups: some results given by using an algorithm suitable for censored survival data},
	Volume = {2},
	Year = {1983}}

@article{ciampi1981approach,
	Author = {Ciampi, A and Bush, RS and Gospodarowicz, M and Till, JE},
	Date-Added = {2015-02-15 17:33:27 +0000},
	Date-Modified = {2015-02-15 17:33:27 +0000},
	Journal = {Cancer},
	Number = {3},
	Pages = {621--627},
	Publisher = {Wiley Online Library},
	Title = {An approach to classifying prognostic factors related to survival experience for non-Hodgkin's lymphoma patients: Based on a series of 982 patients: 1967--1975},
	Volume = {47},
	Year = {1981}}

@article{gordon1985tree,
	Author = {Gordon, L and Olshen, RA},
	Date-Added = {2015-02-15 17:26:25 +0000},
	Date-Modified = {2015-02-15 17:26:25 +0000},
	Journal = {Cancer treatment reports},
	Number = {10},
	Pages = {1065--1069},
	Title = {Tree-structured survival analysis.},
	Volume = {69},
	Year = {1985}}

@article{kaplan1958nonparametric,
	Author = {Kaplan, Edward L and Meier, Paul},
	Date-Added = {2015-02-15 02:18:46 +0000},
	Date-Modified = {2015-02-15 02:18:46 +0000},
	Journal = {Journal of the American statistical association},
	Number = {282},
	Pages = {457--481},
	Publisher = {Taylor \& Francis},
	Title = {Nonparametric estimation from incomplete observations},
	Volume = {53},
	Year = {1958}}

@article{ciampi1988recpam,
	Author = {Ciampi, Antonio and Hogg, Sheilah A and McKinney, Steve and Thiffault, Johanne},
	Date-Added = {2015-02-14 23:54:55 +0000},
	Date-Modified = {2015-02-15 18:11:42 +0000},
	Journal = {Computer Methods and Programs in Biomedicine},
	Number = {3},
	Pages = {239--256},
	Publisher = {Elsevier},
	Read = {0},
	Title = {RECPAM: a computer program for recursive partition and amalgamation for censored survival data and other situations frequently occurring in biostatistics. I. Methods and program features},
	Volume = {26},
	Year = {1988}}

@article{hothorn2004bagging,
	Author = {Hothorn, Torsten and Lausen, Berthold and Benner, Axel and Radespiel-Tr{\"o}ger, Martin},
	Date-Added = {2015-02-14 23:53:41 +0000},
	Date-Modified = {2015-02-14 23:53:41 +0000},
	Journal = {Statistics in medicine},
	Number = {1},
	Pages = {77--91},
	Publisher = {Wiley Online Library},
	Title = {Bagging survival trees},
	Volume = {23},
	Year = {2004}}

@article{gordon1984almost,
	Author = {Gordon, Louis and Olshen, Richard A},
	Date-Added = {2015-02-14 23:52:53 +0000},
	Date-Modified = {2015-02-14 23:52:53 +0000},
	Journal = {Journal of Multivariate Analysis},
	Number = {2},
	Pages = {147--163},
	Publisher = {Elsevier},
	Title = {Almost surely consistent nonparametric regression from recursive partitioning schemes},
	Volume = {15},
	Year = {1984}}

@article{ishwaran2011random,
	Author = {Ishwaran, Hemant and Kogalur, Udaya B and Chen, Xi and Minn, Andy J},
	Date-Added = {2015-02-14 16:58:30 +0000},
	Date-Modified = {2015-02-14 16:58:30 +0000},
	Journal = {Statistical Analysis and Data Mining: The ASA Data Science Journal},
	Number = {1},
	Pages = {115--132},
	Publisher = {Wiley Online Library},
	Title = {Random survival forests for high-dimensional data},
	Volume = {4},
	Year = {2011}}

@article{zhu2012recursively,
	Author = {Zhu, Ruoqing and Kosorok, Michael R},
	Date-Added = {2015-02-13 07:33:49 +0000},
	Date-Modified = {2015-02-13 07:33:49 +0000},
	Journal = {Journal of the American Statistical Association},
	Number = {497},
	Pages = {331--340},
	Publisher = {Taylor \& Francis},
	Title = {Recursively imputed survival trees},
	Volume = {107},
	Year = {2012}}

@article{bou2011review,
	Author = {Bou-Hamad, Imad and Larocque, Denis and Ben-Ameur, Hatem and others},
	Date-Added = {2015-02-13 07:33:20 +0000},
	Date-Modified = {2015-02-13 07:33:20 +0000},
	Journal = {Statistics surveys},
	Pages = {44--71},
	Publisher = {The author, under a Creative Commons Attribution License},
	Title = {A review of survival trees},
	Volume = {5},
	Year = {2011}}

@article{ishwaran2010consistency,
	Author = {Ishwaran, Hemant and Kogalur, Udaya B},
	Date-Added = {2015-02-13 07:32:33 +0000},
	Date-Modified = {2015-02-13 07:32:33 +0000},
	Journal = {Statistics \& probability letters},
	Number = {13},
	Pages = {1056--1064},
	Publisher = {Elsevier},
	Title = {Consistency of random survival forests},
	Volume = {80},
	Year = {2010}}

@book{hastie2009elements,
	Author = {Hastie, Trevor and Tibshirani, Robert and Friedman, Jerome and Hastie, T and Friedman, J and Tibshirani, R},
	Date-Added = {2015-02-12 22:48:05 +0000},
	Date-Modified = {2015-02-12 22:48:05 +0000},
	Number = {1},
	Publisher = {Springer},
	Title = {The elements of statistical learning},
	Volume = {2},
	Year = {2009}}

@techreport{therneau1997introduction,
	Author = {Therneau, Terry M and Atkinson, Elizabeth J and others},
	Date-Added = {2015-02-12 18:51:13 +0000},
	Date-Modified = {2015-02-12 18:51:13 +0000},
	Institution = {Technical Report 61. URL http://www. mayo. edu/hsr/techrpt/61. pdf},
	Title = {An introduction to recursive partitioning using the RPART routines},
	Year = {1997}}

@article{lockhart2014significance,
	Author = {Lockhart, Richard and Taylor, Jonathan and Tibshirani, Ryan J and Tibshirani, Robert},
	Date-Added = {2015-02-12 03:58:02 +0000},
	Date-Modified = {2015-02-12 03:58:02 +0000},
	Journal = {Annals of statistics},
	Number = {2},
	Pages = {413},
	Publisher = {NIH Public Access},
	Title = {A significance test for the lasso},
	Volume = {42},
	Year = {2014}}

@article{strobl2008danger,
	Author = {Strobl, Carolin and Zeileis, Achim},
	Date-Added = {2015-02-12 03:55:10 +0000},
	Date-Modified = {2015-02-12 03:55:10 +0000},
	Title = {Danger: High power!--exploring the statistical properties of a test for random forest variable importance},
	Year = {2008}}

@book{cristianini2000introduction,
	Author = {Cristianini, Nello and Shawe-Taylor, John},
	Date-Added = {2015-02-12 03:44:34 +0000},
	Date-Modified = {2015-02-12 03:44:34 +0000},
	Publisher = {Cambridge university press},
	Title = {An introduction to support vector machines and other kernel-based learning methods},
	Year = {2000}}

@article{van2009conditions,
	Author = {Van De Geer, Sara A and B{\"u}hlmann, Peter and others},
	Date-Added = {2015-02-12 03:09:01 +0000},
	Date-Modified = {2015-02-12 03:09:01 +0000},
	Journal = {Electronic Journal of Statistics},
	Pages = {1360--1392},
	Publisher = {Institute of Mathematical Statistics},
	Title = {On the conditions used to prove oracle results for the Lasso},
	Volume = {3},
	Year = {2009}}

@article{fan2001variable,
	Author = {Fan, Jianqing and Li, Runze},
	Date-Added = {2015-02-12 02:43:50 +0000},
	Date-Modified = {2015-02-12 02:43:50 +0000},
	Journal = {Journal of the American statistical Association},
	Number = {456},
	Pages = {1348--1360},
	Publisher = {Taylor \& Francis},
	Title = {Variable selection via nonconcave penalized likelihood and its oracle properties},
	Volume = {96},
	Year = {2001}}

@article{tibshirani1996regression,
	Author = {Tibshirani, Robert},
	Date-Added = {2015-02-12 02:43:11 +0000},
	Date-Modified = {2015-02-12 02:43:11 +0000},
	Journal = {Journal of the Royal Statistical Society. Series B (Methodological)},
	Pages = {267--288},
	Publisher = {JSTOR},
	Title = {Regression shrinkage and selection via the lasso},
	Year = {1996}}

@article{storey2003positive,
	Author = {Storey, John D},
	Date-Added = {2015-02-11 19:24:42 +0000},
	Date-Modified = {2015-02-11 19:24:42 +0000},
	Journal = {Annals of statistics},
	Pages = {2013--2035},
	Publisher = {JSTOR},
	Title = {The positive false discovery rate: A Bayesian interpretation and the q-value},
	Year = {2003}}

@article{benjamini1995controlling,
	Author = {Benjamini, Yoav and Hochberg, Yosef},
	Date-Added = {2015-02-11 19:22:53 +0000},
	Date-Modified = {2015-02-11 19:22:53 +0000},
	Journal = {Journal of the Royal Statistical Society. Series B (Methodological)},
	Pages = {289--300},
	Publisher = {JSTOR},
	Title = {Controlling the false discovery rate: a practical and powerful approach to multiple testing},
	Year = {1995}}

@article{boulesteix2012random,
	Author = {Boulesteix, Anne-Laure and Bender, Andreas and Bermejo, Justo Lorenzo and Strobl, Carolin},
	Date-Added = {2015-02-11 18:52:56 +0000},
	Date-Modified = {2015-02-11 18:52:56 +0000},
	Journal = {Briefings in Bioinformatics},
	Number = {3},
	Pages = {292--304},
	Publisher = {Oxford Univ Press},
	Title = {Random forest Gini importance favours SNPs with large minor allele frequency: impact, sources and recommendations},
	Volume = {13},
	Year = {2012}}

@article{boulesteix2012overview,
	Author = {Boulesteix, Anne-Laure and Janitza, Silke and Kruppa, Jochen and K{\"o}nig, Inke R},
	Date-Added = {2015-02-11 18:52:18 +0000},
	Date-Modified = {2015-02-11 18:52:18 +0000},
	Journal = {Wiley Interdisciplinary Reviews: Data Mining and Knowledge Discovery},
	Number = {6},
	Pages = {493--507},
	Publisher = {Wiley Online Library},
	Title = {Overview of random forest methodology and practical guidance with emphasis on computational biology and bioinformatics},
	Volume = {2},
	Year = {2012}}

@article{touw2012data,
	Author = {Touw, Wouter G and Bayjanov, Jumamurat R and Overmars, Lex and Backus, Lennart and Boekhorst, Jos and Wels, Michiel and van Hijum, Sacha AFT},
	Date-Added = {2015-02-11 18:51:58 +0000},
	Date-Modified = {2015-02-11 18:51:58 +0000},
	Journal = {Briefings in bioinformatics},
	Pages = {bbs034},
	Publisher = {Oxford Univ Press},
	Title = {Data mining in the Life Sciences with Random Forest: a walk in the park or lost in the jungle?},
	Year = {2012}}

@article{hapfelmeier2012recursive,
	Author = {Hapfelmeier, Alexander and Hothorn, Torsten and Ulm, Kurt},
	Date-Added = {2015-02-11 18:50:38 +0000},
	Date-Modified = {2015-02-11 18:50:38 +0000},
	Journal = {Computational Statistics \& Data Analysis},
	Number = {6},
	Pages = {1552--1565},
	Publisher = {Elsevier},
	Title = {Recursive partitioning on incomplete data using surrogate decisions and multiple imputation},
	Volume = {56},
	Year = {2012}}

@article{hapfelmeier2013new,
	Author = {Hapfelmeier, Alexander and Ulm, Kurt},
	Date-Added = {2015-02-11 18:50:16 +0000},
	Date-Modified = {2015-02-11 18:50:16 +0000},
	Journal = {Computational Statistics \& Data Analysis},
	Pages = {50--69},
	Publisher = {Elsevier},
	Title = {A new variable selection approach using random forests},
	Volume = {60},
	Year = {2013}}

@article{vsikic2009prediction,
	Author = {{\v{S}}iki{\'c}, Mile and Tomi{\'c}, Sanja and Vlahovi{\v{c}}ek, Kristian},
	Date-Added = {2015-02-11 18:47:30 +0000},
	Date-Modified = {2015-02-11 18:47:30 +0000},
	Journal = {PLoS computational biology},
	Number = {1},
	Pages = {e1000278},
	Publisher = {Public Library of Science},
	Title = {Prediction of protein--protein interaction sites in sequences and 3D structures by random forests},
	Volume = {5},
	Year = {2009}}

@inproceedings{qi2004random,
	Author = {Qi, Yanjun and Klein-Seetharaman, Judith and Bar-Joseph, Ziv},
	Booktitle = {Pacific Symposium on Biocomputing. Pacific Symposium on Biocomputing},
	Date-Added = {2015-02-11 18:46:47 +0000},
	Date-Modified = {2015-02-11 18:46:47 +0000},
	Pages = {531--542},
	Title = {Random forest similarity for protein-protein interaction prediction from multiple sources.},
	Year = {2004}}

@article{winham2012snp,
	Author = {Winham, Stacey J and Colby, Colin L and Freimuth, Robert R and Wang, Xin and de Andrade, Mariza and Huebner, Marianne and Biernacka, Joanna M},
	Date-Added = {2015-02-11 18:46:07 +0000},
	Date-Modified = {2015-02-11 18:46:07 +0000},
	Journal = {BMC bioinformatics},
	Number = {1},
	Pages = {164},
	Publisher = {BioMed Central Ltd},
	Title = {SNP interaction detection with Random Forests in high-dimensional genetic data},
	Volume = {13},
	Year = {2012}}

@article{chen2012random,
	Author = {Chen, Xi and Ishwaran, Hemant},
	Date-Added = {2015-02-11 18:43:25 +0000},
	Date-Modified = {2015-02-11 18:43:25 +0000},
	Journal = {Genomics},
	Number = {6},
	Pages = {323--329},
	Publisher = {Elsevier},
	Title = {Random forests for genomic data analysis},
	Volume = {99},
	Year = {2012}}

@article{stekhoven2012missforest,
	Author = {Stekhoven, Daniel J and B{\"u}hlmann, Peter},
	Date-Added = {2015-02-11 18:43:06 +0000},
	Date-Modified = {2015-02-11 18:43:06 +0000},
	Journal = {Bioinformatics},
	Number = {1},
	Pages = {112--118},
	Publisher = {Oxford Univ Press},
	Title = {MissForest---non-parametric missing value imputation for mixed-type data},
	Volume = {28},
	Year = {2012}}

@article{hapfelmeier2014new,
	Author = {Hapfelmeier, Alexander and Hothorn, Torsten and Ulm, Kurt and Strobl, Carolin},
	Date-Added = {2015-02-11 18:42:51 +0000},
	Date-Modified = {2015-02-11 18:42:51 +0000},
	Journal = {Statistics and Computing},
	Number = {1},
	Pages = {21--34},
	Publisher = {Springer},
	Title = {A new variable importance measure for random forests with missing data},
	Volume = {24},
	Year = {2014}}

@article{ishwaran2008random,
	Author = {Ishwaran, Hemant and Kogalur, Udaya B and Blackstone, Eugene H and Lauer, Michael S},
	Date-Added = {2015-02-11 18:41:12 +0000},
	Date-Modified = {2015-02-11 18:41:12 +0000},
	Journal = {The Annals of Applied Statistics},
	Pages = {841--860},
	Publisher = {JSTOR},
	Title = {Random survival forests},
	Year = {2008}}

@article{schwarz2010safari,
	Author = {Schwarz, Daniel F and K{\"o}nig, Inke R and Ziegler, Andreas},
	Date-Added = {2015-02-11 18:40:46 +0000},
	Date-Modified = {2015-02-11 18:40:46 +0000},
	Journal = {Bioinformatics},
	Number = {14},
	Pages = {1752--1758},
	Publisher = {Oxford Univ Press},
	Title = {On safari to Random Jungle: a fast implementation of Random Forests for high-dimensional data},
	Volume = {26},
	Year = {2010}}

@article{goldstein2010application,
	Author = {Goldstein, Benjamin A and Hubbard, Alan E and Cutler, Adele and Barcellos, Lisa F},
	Date-Added = {2015-02-11 18:36:45 +0000},
	Date-Modified = {2015-02-11 18:36:45 +0000},
	Journal = {BMC genetics},
	Number = {1},
	Pages = {49},
	Publisher = {BioMed Central Ltd},
	Title = {An application of Random Forests to a genome-wide association dataset: methodological considerations \& new findings},
	Volume = {11},
	Year = {2010}}

@article{verikas2011mining,
	Author = {Verikas, Antanas and Gelzinis, Adas and Bacauskiene, Marija},
	Date-Added = {2015-02-11 18:36:21 +0000},
	Date-Modified = {2015-02-11 18:36:21 +0000},
	Journal = {Pattern Recognition},
	Number = {2},
	Pages = {330--349},
	Publisher = {Elsevier},
	Title = {Mining data with random forests: A survey and results of new tests},
	Volume = {44},
	Year = {2011}}

@article{xu2007improved,
	Author = {Xu, Shungao and Huang, Xinxiang and Xu, Huaxi and Zhang, Chiyu},
	Date-Added = {2015-02-11 18:26:47 +0000},
	Date-Modified = {2015-02-11 18:26:47 +0000},
	Journal = {JOURNAL OF MICROBIOLOGY-SEOUL-},
	Number = {5},
	Pages = {441},
	Publisher = {MICROBIOLOGICAL SOCIETY OF KOREA},
	Title = {Improved prediction of coreceptor usage and phenotype of HIV-1 based on combined features of V3 loop sequence using random forest},
	Volume = {45},
	Year = {2007}}

@article{white1994technical,
	Author = {White, Allan P and Liu, Wei Zhong},
	Date-Added = {2015-02-11 18:26:25 +0000},
	Date-Modified = {2015-02-11 18:26:25 +0000},
	Journal = {Machine Learning},
	Number = {3},
	Pages = {321--329},
	Publisher = {Springer},
	Title = {Technical note: Bias in information-based measures in decision tree induction},
	Volume = {15},
	Year = {1994}}

@book{vapnik1998statistical,
	Author = {Vapnik, Vladimir Naumovich and Vapnik, Vlamimir},
	Date-Added = {2015-02-11 18:25:56 +0000},
	Date-Modified = {2015-02-11 18:25:56 +0000},
	Publisher = {Wiley New York},
	Title = {Statistical learning theory},
	Volume = {1},
	Year = {1998}}

@article{van2006statistical,
	Author = {van der Laan, Mark J},
	Date-Added = {2015-02-11 18:25:16 +0000},
	Date-Modified = {2015-02-11 18:25:16 +0000},
	Journal = {The International Journal of Biostatistics},
	Number = {1},
	Title = {Statistical inference for variable importance},
	Volume = {2},
	Year = {2006}}

@article{tuv2009feature,
	Author = {Tuv, Eugene and Borisov, Alexander and Runger, George and Torkkola, Kari},
	Date-Added = {2015-02-11 18:24:56 +0000},
	Date-Modified = {2015-02-11 18:24:56 +0000},
	Journal = {The Journal of Machine Learning Research},
	Pages = {1341--1366},
	Publisher = {JMLR. org},
	Title = {Feature selection with ensembles, artificial variables, and redundancy elimination},
	Volume = {10},
	Year = {2009}}

@article{segal2004relating,
	Author = {Segal, Mark R and Barbour, Jason D and Grant, Robert M},
	Date-Added = {2015-02-11 18:22:15 +0000},
	Date-Modified = {2015-02-11 18:22:15 +0000},
	Journal = {Statistical Applications in Genetics and Molecular Biology},
	Number = {1},
	Pages = {1--18},
	Title = {Relating HIV-1 sequence variation to replication capacity via trees and forests},
	Volume = {3},
	Year = {2004}}

@article{sandri2008bias,
	Author = {Sandri, Marco and Zuccolotto, Paola},
	Date-Added = {2015-02-11 18:21:48 +0000},
	Date-Modified = {2015-02-11 18:21:48 +0000},
	Journal = {Journal of Computational and Graphical Statistics},
	Number = {3},
	Title = {A bias correction algorithm for the Gini variable importance measure in classification trees},
	Volume = {17},
	Year = {2008}}

@article{rakotomamonjy2003variable,
	Author = {Rakotomamonjy, Alain},
	Date-Added = {2015-02-11 18:21:13 +0000},
	Date-Modified = {2015-02-11 18:21:13 +0000},
	Journal = {The Journal of Machine Learning Research},
	Pages = {1357--1370},
	Publisher = {JMLR. org},
	Title = {Variable selection using svm based criteria},
	Volume = {3},
	Year = {2003}}

@article{qi2006evaluation,
	Author = {Qi, Yanjun and Bar-Joseph, Ziv and Klein-Seetharaman, Judith},
	Date-Added = {2015-02-11 18:20:45 +0000},
	Date-Modified = {2015-02-11 18:20:45 +0000},
	Journal = {Proteins: Structure, Function, and Bioinformatics},
	Number = {3},
	Pages = {490--500},
	Publisher = {Wiley Online Library},
	Title = {Evaluation of different biological data and computational classification methods for use in protein interaction prediction},
	Volume = {63},
	Year = {2006}}

@article{pers2009validation,
	Author = {Pers, Tune H and Albrechtsen, Anders and Holst, Claus and S{\o}rensen, Thorkild IA and Gerds, Thomas A},
	Date-Added = {2015-02-11 18:20:18 +0000},
	Date-Modified = {2015-02-11 18:20:18 +0000},
	Journal = {PloS one},
	Number = {8},
	Pages = {e6287},
	Publisher = {Public Library of Science},
	Title = {The validation and assessment of machine learning: a game of prediction from high-dimensional data},
	Volume = {4},
	Year = {2009}}

@article{nonyane2008application,
	Author = {Nonyane, Bareng AS and Foulkes, Andrea S},
	Date-Added = {2015-02-11 18:19:44 +0000},
	Date-Modified = {2015-02-11 18:19:44 +0000},
	Journal = {BMC genetics},
	Number = {1},
	Pages = {71},
	Publisher = {BioMed Central Ltd},
	Title = {Application of two machine learning algorithms to genetic association studies in the presence of covariates},
	Volume = {9},
	Year = {2008}}

@inproceedings{nicodemus2007stability,
	Author = {Nicodemus, Kristin K and Wang, Wenyi and Shugart, Yin Y},
	Booktitle = {BMC proceedings},
	Date-Added = {2015-02-11 18:17:40 +0000},
	Date-Modified = {2015-02-11 18:19:01 +0000},
	Number = {Suppl 1},
	Organization = {BioMed Central Ltd},
	Pages = {S58},
	Title = {Stability of variable importance scores and rankings using statistical learning tools on single-nucleotide polymorphisms and risk factors involved in gene x gene and gene x environment interactions},
	Volume = {1},
	Year = {2007}}

@article{meng2009performance,
	Author = {Meng, Yan A and Yu, Yi and Cupples, L Adrienne and Farrer, Lindsay A and Lunetta, Kathryn L},
	Date-Added = {2015-02-11 18:14:25 +0000},
	Date-Modified = {2015-02-11 18:14:25 +0000},
	Journal = {BMC bioinformatics},
	Number = {1},
	Pages = {78},
	Publisher = {BioMed Central Ltd},
	Title = {Performance of random forest when SNPs are in linkage disequilibrium},
	Volume = {10},
	Year = {2009}}

@inproceedings{meng2007two,
	Author = {Meng, Yan and Yang, Qiong and Cuenco, Karen T and Cupples, L Adrienne and DeStefano, Anita L and Lunetta, Kathryn L},
	Booktitle = {BMC proceedings},
	Date-Added = {2015-02-11 18:13:31 +0000},
	Date-Modified = {2015-02-11 18:13:31 +0000},
	Number = {Suppl 1},
	Organization = {BioMed Central Ltd},
	Pages = {S56},
	Title = {Two-stage approach for identifying single-nucleotide polymorphisms associated with rheumatoid arthritis using random forests and Bayesian networks},
	Volume = {1},
	Year = {2007}}

@article{lunetta2004screening,
	Author = {Lunetta, Kathryn L and Hayward, L Brooke and Segal, Jonathan and Van Eerdewegh, Paul},
	Date-Added = {2015-02-11 18:12:54 +0000},
	Date-Modified = {2015-02-11 18:12:54 +0000},
	Journal = {BMC genetics},
	Number = {1},
	Pages = {32},
	Publisher = {BioMed Central Ltd},
	Title = {Screening large-scale association study data: exploiting interactions using random forests},
	Volume = {5},
	Year = {2004}}

@article{loh1997split,
	Author = {Loh, Wei-Yin and Shih, Yu-Shan},
	Date-Added = {2015-02-11 18:12:25 +0000},
	Date-Modified = {2015-02-11 18:12:25 +0000},
	Journal = {Statistica sinica},
	Number = {4},
	Pages = {815--840},
	Publisher = {C/O DR HC HO, INST STATISTICAL SCIENCE, ACADEMIA SINICA, TAIPEI 115, TAIWAN},
	Title = {Split selection methods for classification trees},
	Volume = {7},
	Year = {1997}}

@article{loh2002regression,
	Author = {Loh, Wei-Yin},
	Date-Added = {2015-02-11 18:11:12 +0000},
	Date-Modified = {2015-02-11 18:11:12 +0000},
	Journal = {Statistica Sinica},
	Number = {2},
	Pages = {361--386},
	Publisher = {C/O DR HC HO, INST STATISTICAL SCIENCE, ACADEMIA SINICA, TAIPEI 115, TAIWAN},
	Title = {Regression trees with unbiased variable selection and interaction detection},
	Volume = {12},
	Year = {2002}}

@article{lee2005extensive,
	Author = {Lee, Jae Won and Lee, Jung Bok and Park, Mira and Song, Seuck Heun},
	Date-Added = {2015-02-11 18:10:47 +0000},
	Date-Modified = {2015-02-11 18:10:47 +0000},
	Journal = {Computational Statistics \& Data Analysis},
	Number = {4},
	Pages = {869--885},
	Publisher = {Elsevier},
	Title = {An extensive comparison of recent classification tools applied to microarray data},
	Volume = {48},
	Year = {2005}}

@article{kuo1998variable,
	Author = {Kuo, Lynn and Mallick, Bani},
	Date-Added = {2015-02-11 18:10:05 +0000},
	Date-Modified = {2015-02-11 18:10:05 +0000},
	Journal = {Sankhy{\=a}: The Indian Journal of Statistics, Series B},
	Pages = {65--81},
	Publisher = {JSTOR},
	Title = {Variable selection for regression models},
	Year = {1998}}

@article{kitchen2007hiv,
	Author = {Kitchen, Christina MR and Weiss, Robert E and Liu, Gang and Wrin, Terri},
	Date-Added = {2015-02-11 18:09:34 +0000},
	Date-Modified = {2015-02-11 18:09:34 +0000},
	Journal = {Statistics in medicine},
	Number = {5},
	Pages = {975--990},
	Publisher = {Wiley Online Library},
	Title = {HIV-1 viral fitness estimation using exchangeable on subsets priors and prior model selection},
	Volume = {26},
	Year = {2007}}

@article{ishwaran2007variable,
	Author = {Ishwaran, Hemant and others},
	Date-Added = {2015-02-11 18:09:04 +0000},
	Date-Modified = {2015-02-11 18:09:04 +0000},
	Journal = {Electronic Journal of Statistics},
	Pages = {519--537},
	Publisher = {Institute of Mathematical Statistics},
	Title = {Variable importance in binary regression trees and forests},
	Volume = {1},
	Year = {2007}}

@article{hothorn2006unbiased,
	Author = {Hothorn, Torsten and Hornik, Kurt and Zeileis, Achim},
	Date-Added = {2015-02-11 18:08:34 +0000},
	Date-Modified = {2015-02-11 18:08:34 +0000},
	Journal = {Journal of Computational and Graphical statistics},
	Number = {3},
	Pages = {651--674},
	Publisher = {Taylor \& Francis},
	Title = {Unbiased recursive partitioning: A conditional inference framework},
	Volume = {15},
	Year = {2006}}

@article{ho1998random,
	Author = {Ho, Tin Kam},
	Date-Added = {2015-02-11 18:08:14 +0000},
	Date-Modified = {2015-02-11 18:08:14 +0000},
	Journal = {Pattern Analysis and Machine Intelligence, IEEE Transactions on},
	Number = {8},
	Pages = {832--844},
	Publisher = {IEEE},
	Title = {The random subspace method for constructing decision forests},
	Volume = {20},
	Year = {1998}}

@article{george1997approaches,
	Author = {George, Edward I and McCulloch, Robert E},
	Date-Added = {2015-02-11 18:05:50 +0000},
	Date-Modified = {2015-02-11 18:05:50 +0000},
	Journal = {Statistica sinica},
	Number = {2},
	Pages = {339--373},
	Publisher = {C/O DR HC HO, INST STATISTICAL SCIENCE, ACADEMIA SINICA, TAIPEI 115, TAIWAN},
	Title = {Approaches for Bayesian variable selection},
	Volume = {7},
	Year = {1997}}

@article{george1993variable,
	Author = {George, Edward I and McCulloch, Robert E},
	Date-Added = {2015-02-11 18:04:59 +0000},
	Date-Modified = {2015-02-11 18:04:59 +0000},
	Journal = {Journal of the American Statistical Association},
	Number = {423},
	Pages = {881--889},
	Publisher = {Taylor \& Francis Group},
	Title = {Variable selection via Gibbs sampling},
	Volume = {88},
	Year = {1993}}

@article{genuer2010variable,
	Author = {Genuer, Robin and Poggi, Jean-Michel and Tuleau-Malot, Christine},
	Date-Added = {2015-02-11 18:04:26 +0000},
	Date-Modified = {2015-02-11 18:04:26 +0000},
	Journal = {Pattern Recognition Letters},
	Number = {14},
	Pages = {2225--2236},
	Publisher = {Elsevier},
	Title = {Variable selection using random forests},
	Volume = {31},
	Year = {2010}}

@article{dybowski2010prediction,
	Author = {Dybowski, J Nikolaj and Heider, Dominik and Hoffmann, Daniel},
	Date-Added = {2015-02-11 18:03:41 +0000},
	Date-Modified = {2015-02-11 18:03:41 +0000},
	Journal = {PLoS computational biology},
	Number = {4},
	Pages = {e1000743},
	Publisher = {Public Library of Science},
	Title = {Prediction of co-receptor usage of HIV-1 from genotype},
	Volume = {6},
	Year = {2010}}

@article{dietterich2000experimental,
	Author = {Dietterich, Thomas G},
	Date-Added = {2015-02-11 18:03:07 +0000},
	Date-Modified = {2015-02-11 18:03:07 +0000},
	Journal = {Machine learning},
	Number = {2},
	Pages = {139--157},
	Publisher = {Springer},
	Title = {An experimental comparison of three methods for constructing ensembles of decision trees: Bagging, boosting, and randomization},
	Volume = {40},
	Year = {2000}}

@misc{dasarthy1990nearest,
	Author = {Dasarthy, B},
	Date-Added = {2015-02-11 18:01:39 +0000},
	Date-Modified = {2015-02-11 18:01:39 +0000},
	Publisher = {IEEE Computer Society Press},
	Title = {Nearest neighbor pattern classification techniques},
	Year = {1990}}

@article{calle2011letter,
	Author = {Calle, M Luz and Urrea, V{\'\i}ctor},
	Date-Added = {2015-02-11 18:00:42 +0000},
	Date-Modified = {2015-02-11 18:00:42 +0000},
	Journal = {Briefings in bioinformatics},
	Number = {1},
	Pages = {86--89},
	Publisher = {Oxford Univ Press},
	Title = {Letter to the Editor: Stability of Random Forest importance measures},
	Volume = {12},
	Year = {2011}}

@article{bureau2005identifying,
	Author = {Bureau, Alexandre and Dupuis, Jos{\'e}e and Falls, Kathleen and Lunetta, Kathryn L and Hayward, Brooke and Keith, Tim P and Van Eerdewegh, Paul},
	Date-Added = {2015-02-11 17:59:48 +0000},
	Date-Modified = {2015-02-11 17:59:48 +0000},
	Journal = {Genetic epidemiology},
	Number = {2},
	Pages = {171--182},
	Publisher = {Wiley Online Library},
	Title = {Identifying SNPs predictive of phenotype using random forests},
	Volume = {28},
	Year = {2005}}

@book{breiman1984classification,
	Author = {Breiman, Leo and Friedman, Jerome and Stone, Charles J and Olshen, Richard A},
	Date-Added = {2015-02-11 17:58:37 +0000},
	Date-Modified = {2015-02-11 17:58:37 +0000},
	Publisher = {CRC press},
	Title = {Classification and regression trees},
	Year = {1984}}

@article{breiman2001statistical,
	Author = {Breiman, Leo and others},
	Date-Added = {2015-02-11 17:54:21 +0000},
	Date-Modified = {2015-02-11 17:54:21 +0000},
	Journal = {Statistical Science},
	Number = {3},
	Pages = {199--231},
	Publisher = {Institute of Mathematical Statistics},
	Title = {Statistical modeling: The two cultures (with comments and a rejoinder by the author)},
	Volume = {16},
	Year = {2001}}

@article{breiman1996bagging,
	Author = {Breiman, Leo},
	Date-Added = {2015-02-11 17:53:55 +0000},
	Date-Modified = {2015-02-11 17:53:55 +0000},
	Journal = {Machine learning},
	Number = {2},
	Pages = {123--140},
	Publisher = {Springer},
	Title = {Bagging predictors},
	Volume = {24},
	Year = {1996}}

@article{bishop1995neural,
	Author = {Bishop, Christopher M and others},
	Date-Added = {2015-02-11 17:53:18 +0000},
	Date-Modified = {2015-02-11 17:53:18 +0000},
	Publisher = {Clarendon press Oxford},
	Title = {Neural networks for pattern recognition},
	Year = {1995}}

@article{archer2008empirical,
	Author = {Archer, Kellie J and Kimes, Ryan V},
	Date-Added = {2015-02-11 17:48:38 +0000},
	Date-Modified = {2015-02-11 17:48:38 +0000},
	Journal = {Computational Statistics \& Data Analysis},
	Number = {4},
	Pages = {2249--2260},
	Publisher = {Elsevier},
	Title = {Empirical characterization of random forest variable importance measures},
	Volume = {52},
	Year = {2008}}

@article{hunt2008relationship,
	Author = {Hunt, Peter W and Brenchley, Jason and Sinclair, Elizabeth and McCune, Joseph M and Roland, Michelle and Shafer, Kimberly Page and Hsue, Priscilla and Emu, Brinda and Krone, Melissa and Lampiris, Harry and others},
	Date-Added = {2015-01-30 22:02:48 +0000},
	Date-Modified = {2015-01-30 22:03:39 +0000},
	Journal = {Journal of Infectious Diseases},
	Number = {1},
	Pages = {126--133},
	Publisher = {Oxford University Press},
	Title = {Relationship Between T Cell Activation and CD4+ T Cell Count in HIV-Seropositive Individuals with Undetectable Plasma HIV RNA Levels in the Absence of Therapy},
	Volume = {197},
	Year = {2008}}

@book{horvath2011weighted,
	Author = {Horvath, Steve},
	Date-Added = {2015-01-27 15:13:13 +0000},
	Date-Modified = {2015-01-27 15:13:13 +0000},
	Publisher = {Springer},
	Title = {Weighted Network Analysis: Applications in Genomics and Systems Biology},
	Year = {2011}}

@article{liaw2002classification,
	Author = {Liaw, Andy and Wiener, Matthew},
	Date-Added = {2015-01-27 15:06:42 +0000},
	Date-Modified = {2015-01-27 15:06:42 +0000},
	Journal = {R news},
	Number = {3},
	Pages = {18--22},
	Title = {Classification and Regression by randomForest},
	Volume = {2},
	Year = {2002}}

@article{langfelder2008wgcna,
	Author = {Langfelder, Peter and Horvath, Steve},
	Date-Added = {2015-01-27 15:05:19 +0000},
	Date-Modified = {2015-01-27 15:05:33 +0000},
	Journal = {BMC bioinformatics},
	Number = {1},
	Pages = {559},
	Publisher = {BioMed Central Ltd},
	Title = {WGCNA: an R package for Weighted Correlation Network Analysis},
	Volume = {9},
	Year = {2008}}

@article{diaz2006gene,
	Author = {D{\'\i}az-Uriarte, Ram{\'o}n and De Andres, Sara Alvarez},
	Date-Added = {2015-01-27 14:59:59 +0000},
	Date-Modified = {2015-01-27 15:00:30 +0000},
	Journal = {BMC bioinformatics},
	Number = {1},
	Pages = {3},
	Publisher = {BioMed Central Ltd},
	Title = {Gene Selection and Classification of Microarray Data Using Random Forest},
	Volume = {7},
	Year = {2006}}

@article{fan2010sure,
	Author = {Fan, Jianqing and Song, Rui and others},
	Date-Added = {2015-01-15 17:11:10 +0000},
	Date-Modified = {2015-01-15 17:11:37 +0000},
	Journal = {The Annals of Statistics},
	Number = {6},
	Pages = {3567--3604},
	Publisher = {Institute of Mathematical Statistics},
	Title = {Sure Independence Screening in Generalized Linear Models with NP-Dimensionality},
	Volume = {38},
	Year = {2010}}

@article{zhu2012reinforcement,
	Author = {Zhu, Ruoqing and Zeng, Donglin and Kosorok, Michael R},
	Date-Added = {2015-01-07 02:18:40 +0000},
	Date-Modified = {2015-01-07 02:25:16 +0000},
	Publisher = {bepress},
	Title = {Reinforcement Learning Trees},
	Year = {2012}}

@article{gregorutti2013correlation,
	Author = {Gregorutti, Baptiste and Michel, Bertrand and Saint-Pierre, Philippe},
	Date-Added = {2015-01-07 02:18:03 +0000},
	Date-Modified = {2015-01-07 02:25:03 +0000},
	Journal = {arXiv preprint arXiv:1310.5726},
	Title = {Correlation and Variable Importance in Random Forests},
	Year = {2013}}

@article{zhang2005general,
	Author = {Zhang, Bin and Horvath, Steve},
	Date-Added = {2014-12-15 14:14:41 +0000},
	Date-Modified = {2014-12-15 14:15:09 +0000},
	Journal = {Statistical applications in genetics and molecular biology},
	Number = {1},
	Title = {A General Framework for Weighted Gene Co-Expression Network Analysis},
	Volume = {4},
	Year = {2005}}

@article{nicodemus2009predictor,
	Author = {Nicodemus, Kristin K and Malley, James D},
	Date-Added = {2014-12-15 07:02:34 +0000},
	Date-Modified = {2014-12-15 07:02:34 +0000},
	Journal = {Bioinformatics},
	Number = {15},
	Pages = {1884--1890},
	Publisher = {Oxford Univ Press},
	Title = {Predictor correlation impacts machine learning algorithms: implications for genomic studies},
	Volume = {25},
	Year = {2009}}

@article{nicodemus2010behaviour,
	Author = {Nicodemus, Kristin K and Malley, James D and Strobl, Carolin and Ziegler, Andreas},
	Date-Added = {2014-12-15 07:00:34 +0000},
	Date-Modified = {2014-12-15 07:00:34 +0000},
	Journal = {BMC bioinformatics},
	Number = {1},
	Pages = {110},
	Publisher = {BioMed Central Ltd},
	Title = {The behaviour of random forest permutation-based variable importance measures under predictor correlation},
	Volume = {11},
	Year = {2010}}

@article{raskutti2010restricted,
	Author = {Raskutti, Garvesh and Wainwright, Martin J and Yu, Bin},
	Date-Added = {2014-12-15 05:22:52 +0000},
	Date-Modified = {2014-12-15 05:36:13 +0000},
	Journal = {The Journal of Machine Learning Research},
	Pages = {2241--2259},
	Publisher = {JMLR. org},
	Title = {Restricted Eigenvalue Properties for Correlated Gaussian Designs},
	Volume = {11},
	Year = {2010}}

@article{strobl2008conditional,
	Author = {Strobl, Carolin and Boulesteix, Anne-Laure and Kneib, Thomas and Augustin, Thomas and Zeileis, Achim},
	Date-Added = {2014-12-15 03:23:53 +0000},
	Date-Modified = {2014-12-15 16:14:26 +0000},
	Journal = {BMC bioinformatics},
	Number = {1},
	Pages = {307},
	Publisher = {BioMed Central Ltd},
	Title = {Conditional Variable Importance for Random Forests},
	Volume = {9},
	Year = {2008}}

@article{strobl2007bias,
	Author = {Strobl, Carolin and Boulesteix, Anne-Laure and Zeileis, Achim and Hothorn, Torsten},
	Date-Added = {2014-12-15 03:13:29 +0000},
	Date-Modified = {2014-12-15 05:29:54 +0000},
	Journal = {BMC bioinformatics},
	Number = {1},
	Pages = {25},
	Publisher = {BioMed Central Ltd},
	Title = {Bias in Random Forest Variable Importance Measures: Illustrations, Sources and a Solution},
	Volume = {8},
	Year = {2007}}

@article{breiman2001random,
	Author = {Breiman, Leo},
	Date-Added = {2014-12-13 17:09:37 +0000},
	Date-Modified = {2014-12-13 18:15:50 +0000},
	Journal = {Machine learning},
	Number = {1},
	Pages = {5--32},
	Publisher = {Springer},
	Title = {Random Forests},
	Volume = {45},
	Year = {2001}}
